
    <record>
        <leader>01026ctmaa22002292a 4500</leader>
        <controlfield tag="001">9962668513506421</controlfield>
        <controlfield tag="005">20200927195336.0</controlfield>
        <controlfield tag="008">851121q15001599xx 000 0 ara d</controlfield>
        <datafield tag="035" ind1=" " ind2=" ">
            <subfield code="a">6266851</subfield>
        </datafield>
        <datafield tag="035" ind1=" " ind2=" ">
            <subfield code="a">(NjP)6266851-princetondb</subfield>
        </datafield>
        <datafield tag="040" ind1=" " ind2=" ">
            <subfield code="a">PUL</subfield>
            <subfield code="c">PUL</subfield>
        </datafield>
        <datafield tag="066" ind1=" " ind2=" ">
            <subfield code="c">(3</subfield>
        </datafield>
        <datafield tag="100" ind1="0" ind2=" ">
            <subfield code="a">Suyūṭī,</subfield>
            <subfield code="d">1445-1505.</subfield>
            <subfield code="0">http://id.loc.gov/authorities/names/n80081636</subfield>
        </datafield>
        <datafield tag="245" ind1="1" ind2="0">
            <subfield code="a">Shaqāʼiq al-utrunj fī raqāʼiq al-ghunj.</subfield>
        </datafield>
        <datafield tag="500" ind1=" " ind2=" ">
            <subfield code="a">fol. 69b-75b. 212 x 151; 165 x 96 mm. 25 lin. Rajab 966.</subfield>
        </datafield>
        <datafield tag="500" ind1=" " ind2=" ">
            <subfield code="a">Brockelmann, GAL, II, 196 (no. 207); S II, 192.</subfield>
        </datafield>
        <datafield tag="500" ind1=" " ind2=" ">
            <subfield code="a">Incip.: ... الحمد لله وسلام .. هذا جزء ىسمى شقائق</subfield>
        </datafield>
        <datafield tag="650" ind1=" " ind2="0">
            <subfield code="a">Islam</subfield>
            <subfield code="x">Customs and practices</subfield>
            <subfield code="v">Early works to 1800.</subfield>
            <subfield code="0">http://id.loc.gov/authorities/subjects/sh2008104961</subfield>
        </datafield>
        <datafield tag="650" ind1=" " ind2="0">
            <subfield code="a">Women</subfield>
            <subfield code="z">Islamic Empire</subfield>
            <subfield code="v">Early works to 1800.</subfield>
        </datafield>
        <datafield tag="650" ind1=" " ind2="0">
            <subfield code="a">Women</subfield>
            <subfield code="x">Sexual behavior</subfield>
            <subfield code="v">Early works to 1800.</subfield>
        </datafield>
        <datafield tag="650" ind1=" " ind2="0">
            <subfield code="a">Erotic literature, Arabic</subfield>
            <subfield code="v">Early works to 1800.</subfield>
        </datafield>
        <datafield tag="655" ind1=" " ind2="7">
            <subfield code="a">Manuscripts, Arabic</subfield>
            <subfield code="y">16th century.</subfield>
            <subfield code="2">lcsh</subfield>
        </datafield>
        <datafield tag="773" ind1="0" ind2=" ">
            <subfield code="t">[Shaqāʼiq al-utrunj fī raqāʼiq al-ghunj ... etc.]</subfield>
            <subfield code="w">99116509303506421</subfield>
        </datafield>
    </record>