
    <record>
        <leader>00921ctmaa22002052a 4500</leader>
        <controlfield tag="001">9962668883506421</controlfield>
        <controlfield tag="005">20200927195341.0</controlfield>
        <controlfield tag="008">851121q15001599xx 000 0 ara d</controlfield>
        <datafield tag="035" ind1=" " ind2=" ">
            <subfield code="a">6266888</subfield>
        </datafield>
        <datafield tag="035" ind1=" " ind2=" ">
            <subfield code="a">(NjP)6266888-princetondb</subfield>
        </datafield>
        <datafield tag="040" ind1=" " ind2=" ">
            <subfield code="a">PUL</subfield>
            <subfield code="c">PUL</subfield>
        </datafield>
        <datafield tag="066" ind1=" " ind2=" ">
            <subfield code="c">(3</subfield>
        </datafield>
        <datafield tag="100" ind1="1" ind2=" ">
            <subfield code="a">Ibn Abī al-Dunyā, ʻAbd Allāh ibn Muḥammad,</subfield>
            <subfield code="d">823-894.</subfield>
            <subfield code="0">http://id.loc.gov/authorities/names/n85136568</subfield>
        </datafield>
        <datafield tag="245" ind1="1" ind2="0">
            <subfield code="a">Risālat al-hawātif.</subfield>
        </datafield>
        <datafield tag="500" ind1=" " ind2=" ">
            <subfield code="a">fol. 63b-68a. 164 x 117; 108 x 70 mm. 11 lin. Zabīd, Ramaḍān
                917.</subfield>
        </datafield>
        <datafield tag="500" ind1=" " ind2=" ">
            <subfield code="a">Brockelmann, GAL, S I, 247 (no. 12).</subfield>
        </datafield>
        <datafield tag="500" ind1=" " ind2=" ">
            <subfield code="a">Contains al-hātif al-sābiʻ.</subfield>
        </datafield>
        <datafield tag="500" ind1=" " ind2=" ">
            <subfield code="a">Incip.: ... الهاتف السابع هاتف هداىة وارشاد الى سلوك سىبل
                جهاد</subfield>
        </datafield>
        <datafield tag="650" ind1=" " ind2="0">
            <subfield code="a">Jihad</subfield>
            <subfield code="v">Early works to 1800.</subfield>
        </datafield>
        <datafield tag="655" ind1=" " ind2="7">
            <subfield code="a">Manuscripts, Arabic</subfield>
            <subfield code="y">16th century.</subfield>
            <subfield code="2">lcsh</subfield>
        </datafield>
        <datafield tag="773" ind1="0" ind2=" ">
            <subfield code="t">[Ghāyat al-maṭlūb wa-aʻẓam al-minnah fīmā yaghfiru Allāh bi-hi
                al-dhunūb wa-yūjibu al-jannah ... etc.]</subfield>
            <subfield code="w">99116506843506421</subfield>
        </datafield>
    </record>