
    <record>
        <leader>00867ctmaa22001812a 4500</leader>
        <controlfield tag="001">9962668893506421</controlfield>
        <controlfield tag="005">20200927195341.0</controlfield>
        <controlfield tag="008">851121q14001499xx 000 0 ara d</controlfield>
        <datafield tag="035" ind1=" " ind2=" ">
            <subfield code="a">6266889</subfield>
        </datafield>
        <datafield tag="035" ind1=" " ind2=" ">
            <subfield code="a">(NjP)6266889-princetondb</subfield>
        </datafield>
        <datafield tag="040" ind1=" " ind2=" ">
            <subfield code="a">PUL</subfield>
            <subfield code="c">PUL</subfield>
        </datafield>
        <datafield tag="066" ind1=" " ind2=" ">
            <subfield code="c">(3</subfield>
        </datafield>
        <datafield tag="100" ind1="1" ind2=" ">
            <subfield code="a">Ibn Abī al-Dunyā, ʻAbd Allāh ibn Muḥammad,</subfield>
            <subfield code="d">823-894.</subfield>
            <subfield code="0">http://id.loc.gov/authorities/names/n85136568</subfield>
        </datafield>
        <datafield tag="245" ind1="1" ind2="0">
            <subfield code="a">Kitāb al-iʻtibar wa-aʻqāb al-surūr wa-al-aḥzān.</subfield>
        </datafield>
        <datafield tag="500" ind1=" " ind2=" ">
            <subfield code="a">ff. 15. 175 x 133; 145/180 x 100/115 mm. 18-28 lin. Rajab 896,
                Muḥammad ibn ʻAlī al-Dāwūdī al-Mālikī.</subfield>
        </datafield>
        <datafield tag="500" ind1=" " ind2=" ">
            <subfield code="a">Brockelmann, GAL, S I, 248 (no. 41).</subfield>
        </datafield>
        <datafield tag="500" ind1=" " ind2=" ">
            <subfield code="a">Incip. (after riwāyah): ... قال حدثنى خالد بن ىزىد ... عن انس بن
                مالك قال خرجنا مع رسول الله</subfield>
        </datafield>
        <datafield tag="650" ind1=" " ind2="0">
            <subfield code="a">Arabic literature</subfield>
            <subfield code="x">Miscellanea</subfield>
            <subfield code="v">Early works to 1800.</subfield>
        </datafield>
        <datafield tag="655" ind1=" " ind2="7">
            <subfield code="a">Manuscripts, Arabic</subfield>
            <subfield code="y">15th century.</subfield>
            <subfield code="2">lcsh</subfield>
        </datafield>
    </record>