
    <record>
        <leader>00908ctmaa22001932a 4500</leader>
        <controlfield tag="001">9962668913506421</controlfield>
        <controlfield tag="005">20200927195341.0</controlfield>
        <controlfield tag="008">851121q18001899xx 000 0 ara d</controlfield>
        <datafield tag="035" ind1=" " ind2=" ">
            <subfield code="a">6266891</subfield>
        </datafield>
        <datafield tag="035" ind1=" " ind2=" ">
            <subfield code="a">(NjP)6266891-princetondb</subfield>
        </datafield>
        <datafield tag="040" ind1=" " ind2=" ">
            <subfield code="a">PUL</subfield>
            <subfield code="c">PUL</subfield>
        </datafield>
        <datafield tag="066" ind1=" " ind2=" ">
            <subfield code="c">(3</subfield>
        </datafield>
        <datafield tag="100" ind1="1" ind2=" ">
            <subfield code="a">Diyārbakrī, Musṭafá ibn ʻUmar.</subfield>
        </datafield>
        <datafield tag="245" ind1="1" ind2="0">
            <subfield code="a">Tadhkirat al-mudhakkirīn wa-tafkirat al-mufakkirīn.</subfield>
        </datafield>
        <datafield tag="500" ind1=" " ind2=" ">
            <subfield code="a">ff. 94. 213 x 156; 155 x 84 mm. 17 lin. 1234 H.</subfield>
        </datafield>
        <datafield tag="500" ind1=" " ind2=" ">
            <subfield code="a">Abridgement of Rawḍat al-ʻuqalāʼ of Ibn Ḥibbān al-Bustī, d.
                354/965, cf. Brockelmann, GAL, S I, 273 (8: no. 5); the title appears in the
                colophon.</subfield>
        </datafield>
        <datafield tag="500" ind1=" " ind2=" ">
            <subfield code="a">Incip.: ... الحمد لله الذى التجى الىه فى کدرة حالى</subfield>
        </datafield>
        <datafield tag="650" ind1=" " ind2="0">
            <subfield code="a">Islamic ethics.</subfield>
            <subfield code="0">http://id.loc.gov/authorities/subjects/sh85068451</subfield>
        </datafield>
        <datafield tag="655" ind1=" " ind2="7">
            <subfield code="a">Manuscripts, Arabic</subfield>
            <subfield code="y">19th century.</subfield>
            <subfield code="2">lcsh</subfield>
        </datafield>
        <datafield tag="700" ind1="1" ind2="2">
            <subfield code="a">Ibn Ḥibbān, Muḥammad,</subfield>
            <subfield code="d">d. 965.</subfield>
            <subfield code="t">Rawḍat al-ʻuqalāʼ wa-nuzʹhat al-fuḍalāʼ.</subfield>
        </datafield>
    </record>