
    <record>
        <leader>00934ctmaa22001932a 4500</leader>
        <controlfield tag="001">9962668953506421</controlfield>
        <controlfield tag="005">20200927195342.0</controlfield>
        <controlfield tag="008">851121q18001899xx 000 0 ara d</controlfield>
        <datafield tag="035" ind1=" " ind2=" ">
            <subfield code="a">6266895</subfield>
        </datafield>
        <datafield tag="035" ind1=" " ind2=" ">
            <subfield code="a">(NjP)6266895-princetondb</subfield>
        </datafield>
        <datafield tag="040" ind1=" " ind2=" ">
            <subfield code="a">PUL</subfield>
            <subfield code="c">PUL</subfield>
        </datafield>
        <datafield tag="066" ind1=" " ind2=" ">
            <subfield code="c">(3</subfield>
        </datafield>
        <datafield tag="100" ind1="1" ind2=" ">
            <subfield code="a">Abū al-Layth al-Samarqandī, Naṣr ibn Muḥammad,</subfield>
            <subfield code="d">-983?</subfield>
            <subfield code="0">http://id.loc.gov/authorities/names/n82268136</subfield>
        </datafield>
        <datafield tag="245" ind1="1" ind2="0">
            <subfield code="a">Tanbīh al-ghāfilīn.</subfield>
        </datafield>
        <datafield tag="500" ind1=" " ind2=" ">
            <subfield code="a">ff. 144. 220 x 170; 167 x 118 mm. 25 lin. Shawwāl 1225; on fol. 1a
                signature of Imām Shāmil.</subfield>
        </datafield>
        <datafield tag="500" ind1=" " ind2=" ">
            <subfield code="a">Brockelmann, GAL, I, 211 (no. 9); S I, 348.</subfield>
        </datafield>
        <datafield tag="650" ind1=" " ind2="0">
            <subfield code="a">Religious life</subfield>
            <subfield code="x">Islam</subfield>
            <subfield code="v">Early works to 1800.</subfield>
            <subfield code="0">http://id.loc.gov/authorities/subjects/sh86008165</subfield>
        </datafield>
        <datafield tag="650" ind1=" " ind2="0">
            <subfield code="a">Islam</subfield>
            <subfield code="v">Early works to 1800.</subfield>
            <subfield code="0">http://id.loc.gov/authorities/subjects/sh2008104957</subfield>
        </datafield>
        <datafield tag="650" ind1=" " ind2="0">
            <subfield code="a">Hadith</subfield>
            <subfield code="x">Criticism, interpretation, etc.</subfield>
            <subfield code="v">Early works to 1800.</subfield>
            <subfield code="0">http://id.loc.gov/authorities/subjects/sh2008105464</subfield>
        </datafield>
        <datafield tag="655" ind1=" " ind2="7">
            <subfield code="a">Manuscripts, Arabic</subfield>
            <subfield code="y">19th century.</subfield>
            <subfield code="2">lcsh</subfield>
        </datafield>
    </record>