
    <record>
        <leader>00983ctmaa22001932a 4500</leader>
        <controlfield tag="001">9962668963506421</controlfield>
        <controlfield tag="005">20200927195342.0</controlfield>
        <controlfield tag="008">851121q13001399xx 000 0 ara d</controlfield>
        <datafield tag="035" ind1=" " ind2=" ">
            <subfield code="a">6266896</subfield>
        </datafield>
        <datafield tag="035" ind1=" " ind2=" ">
            <subfield code="a">(NjP)6266896-princetondb</subfield>
        </datafield>
        <datafield tag="040" ind1=" " ind2=" ">
            <subfield code="a">PUL</subfield>
            <subfield code="c">PUL</subfield>
        </datafield>
        <datafield tag="066" ind1=" " ind2=" ">
            <subfield code="c">(3</subfield>
        </datafield>
        <datafield tag="100" ind1="1" ind2=" ">
            <subfield code="a">Zandawaysitī, ʻAlī ibn Yaḥyá,</subfield>
            <subfield code="d">d. 922.</subfield>
        </datafield>
        <datafield tag="245" ind1="1" ind2="0">
            <subfield code="a">Rawḍat al-ʻulamāʼ wa-nuzʹhat al-fuḍalāʼ.</subfield>
        </datafield>
        <datafield tag="500" ind1=" " ind2=" ">
            <subfield code="a">ff. 143. 222 x 145; 170 x 110 mm. 25 lin. 14th cent.?</subfield>
        </datafield>
        <datafield tag="500" ind1=" " ind2=" ">
            <subfield code="a">Brockelmann, GAL, S I, 361 (9a).</subfield>
        </datafield>
        <datafield tag="500" ind1=" " ind2=" ">
            <subfield code="a">Acephalous second third of the work, from bāb 36 (incompl.) through
                bāb 68; the numbering of chapters differs from that in ms. Berlin 8860: bāb 37 of
                the present ms. corresponds to bāb 36, and bāb 68 to bāb 64 of the Berlin
                ms.</subfield>
        </datafield>
        <datafield tag="500" ind1=" " ind2=" ">
            <subfield code="a">The beginning of bāb 37 (fol. 5a): ... فى وزر من مشى بالتمىمة
                بمسئلة</subfield>
        </datafield>
        <datafield tag="650" ind1=" " ind2="0">
            <subfield code="a">Religious life</subfield>
            <subfield code="x">Islam</subfield>
            <subfield code="v">Early works to 1800.</subfield>
            <subfield code="0">http://id.loc.gov/authorities/subjects/sh86008165</subfield>
        </datafield>
        <datafield tag="655" ind1=" " ind2="7">
            <subfield code="a">Manuscripts, Arabic</subfield>
            <subfield code="y">14th century.</subfield>
            <subfield code="2">lcsh</subfield>
        </datafield>
    </record>