
    <record>
        <leader>00896ctmaa22001932a 4500</leader>
        <controlfield tag="001">9962669073506421</controlfield>
        <controlfield tag="005">20200927195343.0</controlfield>
        <controlfield tag="008">851121q15001599xx 000 0 ara d</controlfield>
        <datafield tag="035" ind1=" " ind2=" ">
            <subfield code="a">6266907</subfield>
        </datafield>
        <datafield tag="035" ind1=" " ind2=" ">
            <subfield code="a">(NjP)6266907-princetondb</subfield>
        </datafield>
        <datafield tag="040" ind1=" " ind2=" ">
            <subfield code="a">PUL</subfield>
            <subfield code="c">PUL</subfield>
        </datafield>
        <datafield tag="066" ind1=" " ind2=" ">
            <subfield code="c">(3</subfield>
        </datafield>
        <datafield tag="100" ind1="0" ind2=" ">
            <subfield code="a">Ghazzālī,</subfield>
            <subfield code="d">1058-1111.</subfield>
            <subfield code="0">http://id.loc.gov/authorities/names/n82097778</subfield>
        </datafield>
        <datafield tag="245" ind1="1" ind2="3">
            <subfield code="a">al-Kashf wa-al-tabyīn fī ghurūr al-khalq ajmaʻīn.</subfield>
        </datafield>
        <datafield tag="500" ind1=" " ind2=" ">
            <subfield code="a">fol. 22b-34b. 207 x 152; 145 x 105 mm. 21 lin. Shaʻbān
                1006.</subfield>
        </datafield>
        <datafield tag="500" ind1=" " ind2=" ">
            <subfield code="a">Brockelmann, GAL, I, 541 (no. 42); S I, 752; Bouyges, Essai de
                chronologie des œuvres de al-Ghazali, no. 54.</subfield>
        </datafield>
        <datafield tag="500" ind1=" " ind2=" ">
            <subfield code="a">Incip.: ... قال ... اعلم ان الخلق قسمان</subfield>
        </datafield>
        <datafield tag="650" ind1=" " ind2="0">
            <subfield code="a">Islam</subfield>
            <subfield code="x">Doctrines</subfield>
            <subfield code="v">Early works to 1800.</subfield>
            <subfield code="0">http://id.loc.gov/authorities/subjects/sh87000152</subfield>
        </datafield>
        <datafield tag="655" ind1=" " ind2="7">
            <subfield code="a">Manuscripts, Arabic</subfield>
            <subfield code="y">16th century.</subfield>
            <subfield code="2">lcsh</subfield>
        </datafield>
        <datafield tag="773" ind1="0" ind2=" ">
            <subfield code="t">[Kashf wa-al-tabyīn fī ghurūr al-khalq ajmaʻīn ...
                etc.]</subfield>
            <subfield code="w">99116509163506421</subfield>
        </datafield>
    </record>