
    <record>
        <leader>01468ctmaa22002412a 4500</leader>
        <controlfield tag="001">9962669093506421</controlfield>
        <controlfield tag="005">20200927195344.0</controlfield>
        <controlfield tag="008">851121q13001399xx 000 0 ara d</controlfield>
        <datafield tag="035" ind1=" " ind2=" ">
            <subfield code="a">6266909</subfield>
        </datafield>
        <datafield tag="035" ind1=" " ind2=" ">
            <subfield code="a">(NjP)6266909-princetondb</subfield>
        </datafield>
        <datafield tag="040" ind1=" " ind2=" ">
            <subfield code="a">PUL</subfield>
            <subfield code="c">PUL</subfield>
        </datafield>
        <datafield tag="066" ind1=" " ind2=" ">
            <subfield code="c">(3</subfield>
        </datafield>
        <datafield tag="100" ind1="1" ind2=" ">
            <subfield code="a">Ibn Bashkuwāl, Khalaf ibn ʻAbd al-Malik,</subfield>
            <subfield code="d">1101-1183.</subfield>
            <subfield code="0">http://id.loc.gov/authorities/names/n85370056</subfield>
        </datafield>
        <datafield tag="245" ind1="1" ind2="0">
            <subfield code="a">Adʻiyat al-mustaghīthīn bi-Allāh ʻazza wa-jalla ʻinda al-muhimmāt
                wa-al-ḥājāt wa-al mutaḍarriʻīn ilayhi subḥānahu bi-al-raghabāt
                wa-al-daʻawāt wa-mā yassara Allāh lahum min al-ijābāt
                wa-al-karāmāt.</subfield>
        </datafield>
        <datafield tag="500" ind1=" " ind2=" ">
            <subfield code="a">ff. 86. 182 x 130; 125 x 85 mm. 15 lin. 732 H. [?].</subfield>
        </datafield>
        <datafield tag="500" ind1=" " ind2=" ">
            <subfield code="a">Brockelmann, GAL, S I, 580 (8, 4: Kitāb
                al-mustaghīthīn).</subfield>
        </datafield>
        <datafield tag="500" ind1=" " ind2=" ">
            <subfield code="a">The ms. is divided into 4 juzʼ each with special title page and title
                in the form given above; title page of the first juzʻ and the commencement of the
                text are missing.</subfield>
        </datafield>
        <datafield tag="500" ind1=" " ind2=" ">
            <subfield code="a">Incip. (as extant): ... قال ما ترىد الى دمى شأنك بالمال قال اما المال
                فلست ارىد</subfield>
        </datafield>
        <datafield tag="500" ind1=" " ind2=" ">
            <subfield code="a">These words agree with ms. Garrett 1893, fol. 2a, lin. 13.</subfield>
        </datafield>
        <datafield tag="530" ind1=" " ind2=" ">
            <subfield code="a">Also available in an electronic version.</subfield>
        </datafield>
        <datafield tag="650" ind1=" " ind2="0">
            <subfield code="a">Hadith</subfield>
            <subfield code="x">Authorities</subfield>
            <subfield code="v">Early works to 1800.</subfield>
            <subfield code="0">http://id.loc.gov/authorities/subjects/sh2008105461</subfield>
        </datafield>
        <datafield tag="650" ind1=" " ind2="0">
            <subfield code="a">God (Islam)</subfield>
            <subfield code="x">Mercy</subfield>
            <subfield code="v">Early works to 1800.</subfield>
        </datafield>
        <datafield tag="655" ind1=" " ind2="7">
            <subfield code="a">Manuscripts, Arabic</subfield>
            <subfield code="y">14th century.</subfield>
            <subfield code="2">lcsh</subfield>
        </datafield>
        <datafield tag="856" ind1="4" ind2="1">
            <subfield code="u">http://arks.princeton.edu/ark:/88435/bv73c304c</subfield>
        </datafield>
    </record>