
    <record>
        <leader>01066ctmaa22002052a 4500</leader>
        <controlfield tag="001">9962669123506421</controlfield>
        <controlfield tag="005">20200927195344.0</controlfield>
        <controlfield tag="008">851121q14001499xx 000 0 ara d</controlfield>
        <datafield tag="035" ind1=" " ind2=" ">
            <subfield code="a">6266912</subfield>
        </datafield>
        <datafield tag="035" ind1=" " ind2=" ">
            <subfield code="a">(NjP)6266912-princetondb</subfield>
        </datafield>
        <datafield tag="040" ind1=" " ind2=" ">
            <subfield code="a">PUL</subfield>
            <subfield code="c">PUL</subfield>
        </datafield>
        <datafield tag="066" ind1=" " ind2=" ">
            <subfield code="c">(3</subfield>
        </datafield>
        <datafield tag="100" ind1="1" ind2=" ">
            <subfield code="a">Ibn Ṭugharbak, Aḥmad.</subfield>
            <subfield code="0">http://id.loc.gov/authorities/names/nr92033142</subfield>
        </datafield>
        <datafield tag="245" ind1="1" ind2="3">
            <subfield code="a">al-Nuṭq al-mafhūm min ahl al-ṣamt al-maʻlūm.</subfield>
        </datafield>
        <datafield tag="500" ind1=" " ind2=" ">
            <subfield code="a">ff. 201. 210 x 148; 177 x 111 mm. 15 lin. Jumādá I, 889.</subfield>
        </datafield>
        <datafield tag="500" ind1=" " ind2=" ">
            <subfield code="a">Acephalous - contents agree with ed. Cairo, 1308 H., p. 18, lin. 14
                to p. 103, lin. 16.</subfield>
        </datafield>
        <datafield tag="500" ind1=" " ind2=" ">
            <subfield code="a">According to Brockelmann, GAL, I, 662 (no. 22, Ausz. a); S I, 917, an
                abridgement of the work by Ibn al-Jawzī with the same name.</subfield>
        </datafield>
        <datafield tag="500" ind1=" " ind2=" ">
            <subfield code="a">Incip. (as extant): ... فلم ىجبه فلبث ساعة ثم نادى ىا ابا
                جهل</subfield>
        </datafield>
        <datafield tag="650" ind1=" " ind2="0">
            <subfield code="a">Anecdotes</subfield>
            <subfield code="z">Islamic Empire</subfield>
            <subfield code="v">Early works to 1800.</subfield>
        </datafield>
        <datafield tag="655" ind1=" " ind2="7">
            <subfield code="a">Manuscripts, Arabic</subfield>
            <subfield code="y">15th century.</subfield>
            <subfield code="2">lcsh</subfield>
        </datafield>
        <datafield tag="700" ind1="1" ind2="2">
            <subfield code="a">Ibn al-Jawzī, Abū al-Faraj ʻAbd al-Raḥmān ibn ʻAlī,</subfield>
            <subfield code="d">approximately 1116-1201.</subfield>
            <subfield code="0">http://id.loc.gov/authorities/names/n84008731</subfield>
        </datafield>
    </record>