
    <record>
        <leader>00983ctmaa22002052a 4500</leader>
        <controlfield tag="001">9962669133506421</controlfield>
        <controlfield tag="005">20200927195344.0</controlfield>
        <controlfield tag="008">851121q13001399xx 000 0 ara d</controlfield>
        <datafield tag="035" ind1=" " ind2=" ">
            <subfield code="a">6266913</subfield>
        </datafield>
        <datafield tag="035" ind1=" " ind2=" ">
            <subfield code="a">(NjP)6266913-princetondb</subfield>
        </datafield>
        <datafield tag="040" ind1=" " ind2=" ">
            <subfield code="a">PUL</subfield>
            <subfield code="c">PUL</subfield>
        </datafield>
        <datafield tag="066" ind1=" " ind2=" ">
            <subfield code="c">(3</subfield>
        </datafield>
        <datafield tag="100" ind1="0" ind2=" ">
            <subfield code="a">Muʻāfá ibn Ismāʻīl,</subfield>
            <subfield code="d">1156 or 1157-1232 or 1233.</subfield>
            <subfield code="0">http://id.loc.gov/authorities/names/no2007040478</subfield>
        </datafield>
        <datafield tag="245" ind1="1" ind2="0">
            <subfield code="a">Anīs al-munqaṭiʻīn.</subfield>
        </datafield>
        <datafield tag="500" ind1=" " ind2=" ">
            <subfield code="a">ff. 130. 210 x 145; 175 x 125 mm. 18 lin. 14th cent. (a number of
                missing leaves suppl. by a later hand).</subfield>
        </datafield>
        <datafield tag="500" ind1=" " ind2=" ">
            <subfield code="a">Brockelmann, GAL, I, 440 (18: no. 1); S I, 610.</subfield>
        </datafield>
        <datafield tag="500" ind1=" " ind2=" ">
            <subfield code="a">Acephalous - on fol. 1a, lin. 2 begins the second ḥadīth: ... روى
                عن رسول الله ... من کشف عن اخىه کربه</subfield>
        </datafield>
        <datafield tag="530" ind1=" " ind2=" ">
            <subfield code="a">Also available in an electronic version.</subfield>
        </datafield>
        <datafield tag="650" ind1=" " ind2="0">
            <subfield code="a">Islamic ethics</subfield>
            <subfield code="v">Early works to 1800.</subfield>
            <subfield code="0">http://id.loc.gov/authorities/subjects/sh2008104964</subfield>
        </datafield>
        <datafield tag="655" ind1=" " ind2="7">
            <subfield code="a">Manuscripts, Arabic</subfield>
            <subfield code="y">14th century.</subfield>
            <subfield code="2">lcsh</subfield>
        </datafield>
        <datafield tag="856" ind1="4" ind2="1">
            <subfield code="u">http://arks.princeton.edu/ark:/88435/cr56n3600</subfield>
        </datafield>
    </record>