
    <record>
        <leader>01157ctmaa22001932a 4500</leader>
        <controlfield tag="001">9962669153506421</controlfield>
        <controlfield tag="005">20200927195344.0</controlfield>
        <controlfield tag="008">851121q15001599xx 000 0 ara d</controlfield>
        <datafield tag="035" ind1=" " ind2=" ">
            <subfield code="a">6266915</subfield>
        </datafield>
        <datafield tag="035" ind1=" " ind2=" ">
            <subfield code="a">(NjP)6266915-princetondb</subfield>
        </datafield>
        <datafield tag="040" ind1=" " ind2=" ">
            <subfield code="a">PUL</subfield>
            <subfield code="c">PUL</subfield>
        </datafield>
        <datafield tag="066" ind1=" " ind2=" ">
            <subfield code="c">(3</subfield>
        </datafield>
        <datafield tag="100" ind1="0" ind2=" ">
            <subfield code="a">Ibn al-ʻArabī,</subfield>
            <subfield code="d">1165-1240.</subfield>
            <subfield code="0">http://id.loc.gov/authorities/names/n50082069</subfield>
        </datafield>
        <datafield tag="245" ind1="1" ind2="0">
            <subfield code="a">ʻIẓat al-albāb wa-dhakhīrat al-iktisāb.</subfield>
        </datafield>
        <datafield tag="500" ind1=" " ind2=" ">
            <subfield code="a">ff. 236 (incompl. at end) 210 x 152; 160 x 108 mm. 13 lin. 16th/17th
                cen.</subfield>
        </datafield>
        <datafield tag="500" ind1=" " ind2=" ">
            <subfield code="a">Brockelmann, GAL, I, 578 (no. 84); S I, 236; Yaḥyá, Histoire, p.
                326 (no. 318); cf. also ḥājjī Khalīfah, Kashf al-ẓunūn, III, 212 (no. 4980)
                and IV, 214 (no. 8163).</subfield>
        </datafield>
        <datafield tag="500" ind1=" " ind2=" ">
            <subfield code="a">Incip.: ... الحمد لله ... وبعد فانى لما رأىت رغبة .. استخرت الله
                تعالى فى ان الخص کتابى المسمى بالتمىته الملخص من الکتاب المسمى بالدرة
                الىتىمىة</subfield>
        </datafield>
        <datafield tag="650" ind1=" " ind2="0">
            <subfield code="a">Religious life</subfield>
            <subfield code="x">Islam</subfield>
            <subfield code="v">Early works to 1800.</subfield>
            <subfield code="0">http://id.loc.gov/authorities/subjects/sh86008165</subfield>
        </datafield>
        <datafield tag="655" ind1=" " ind2="7">
            <subfield code="a">Manuscripts, Arabic</subfield>
            <subfield code="y">16th century.</subfield>
            <subfield code="2">lcsh</subfield>
        </datafield>
        <datafield tag="773" ind1="0" ind2=" ">
            <subfield code="t">[ʻIẓat al-albāb wa-dhakhīrat al-iktisāb ... etc.]</subfield>
            <subfield code="w">99116509393506421</subfield>
        </datafield>
    </record>