
    <record>
        <leader>00857ctmaa22001932a 4500</leader>
        <controlfield tag="001">9962669163506421</controlfield>
        <controlfield tag="005">20200927195345.0</controlfield>
        <controlfield tag="008">851121q18001899xx 000 0 ara d</controlfield>
        <datafield tag="035" ind1=" " ind2=" ">
            <subfield code="a">6266916</subfield>
        </datafield>
        <datafield tag="035" ind1=" " ind2=" ">
            <subfield code="a">(NjP)6266916-princetondb</subfield>
        </datafield>
        <datafield tag="040" ind1=" " ind2=" ">
            <subfield code="a">PUL</subfield>
            <subfield code="c">PUL</subfield>
        </datafield>
        <datafield tag="066" ind1=" " ind2=" ">
            <subfield code="c">(3</subfield>
        </datafield>
        <datafield tag="100" ind1="1" ind2=" ">
            <subfield code="a">Ibn Ghānim, ʻIzz al-Dīn ʻAbd al-Salām ibn Aḥmad,</subfield>
            <subfield code="d">-1279?</subfield>
            <subfield code="0">http://id.loc.gov/authorities/names/n84077355</subfield>
        </datafield>
        <datafield tag="245" ind1="1" ind2="0">
            <subfield code="a">Kashf al-asrār ʻan ḥikam al-ṭuyūr wa-al-azʹhār.</subfield>
        </datafield>
        <datafield tag="500" ind1=" " ind2=" ">
            <subfield code="a">fol. 1a-31b. 204 x 162; 170 x 110 mm. 13 lin. 1270 H.</subfield>
        </datafield>
        <datafield tag="500" ind1=" " ind2=" ">
            <subfield code="a">Brockelmann, GAL, I, 587 (no. 1); S I, 808.</subfield>
        </datafield>
        <datafield tag="500" ind1=" " ind2=" ">
            <subfield code="a">Incip.: ... قال ... الحمد لله البعىد فى قربه</subfield>
        </datafield>
        <datafield tag="650" ind1=" " ind2="0">
            <subfield code="a">Sufism</subfield>
            <subfield code="v">Early works to 1800.</subfield>
            <subfield code="0">http://id.loc.gov/authorities/subjects/sh2008112367</subfield>
        </datafield>
        <datafield tag="655" ind1=" " ind2="7">
            <subfield code="a">Manuscripts, Arabic</subfield>
            <subfield code="y">19th century.</subfield>
            <subfield code="2">lcsh</subfield>
        </datafield>
        <datafield tag="773" ind1="0" ind2=" ">
            <subfield code="t">[Waṣīyat al-ḥārith ibn Kaʻb li-awlādih ... etc.]</subfield>
            <subfield code="w">99116509323506421</subfield>
        </datafield>
    </record>