
    <record>
        <leader>01210ctmaa22002052a 4500</leader>
        <controlfield tag="001">9962669193506421</controlfield>
        <controlfield tag="005">20200927195345.0</controlfield>
        <controlfield tag="008">851121q13001399xx 000 0 ara d</controlfield>
        <datafield tag="035" ind1=" " ind2=" ">
            <subfield code="a">6266919</subfield>
        </datafield>
        <datafield tag="035" ind1=" " ind2=" ">
            <subfield code="a">(NjP)6266919-princetondb</subfield>
        </datafield>
        <datafield tag="040" ind1=" " ind2=" ">
            <subfield code="a">PUL</subfield>
            <subfield code="c">PUL</subfield>
        </datafield>
        <datafield tag="066" ind1=" " ind2=" ">
            <subfield code="c">(3</subfield>
        </datafield>
        <datafield tag="100" ind1="1" ind2=" ">
            <subfield code="a">Raqqī, Ibrāhīm ibn Aḥmad,</subfield>
            <subfield code="d">1249 or 1250-1303 or 1304.</subfield>
            <subfield code="0">http://id.loc.gov/authorities/names/nr93038801</subfield>
        </datafield>
        <datafield tag="240" ind1="1" ind2="0">
            <subfield code="a">Rayḥān al-arwāḥ</subfield>
        </datafield>
        <datafield tag="245" ind1="1" ind2="0">
            <subfield code="a">Rayḥānat murtāḥ min Kitāb Rayḥān al-arwāḥ.</subfield>
        </datafield>
        <datafield tag="500" ind1=" " ind2=" ">
            <subfield code="a">ff. 36. 188 x 132; 130 x 95 mm. 15 lin. 14th cen.</subfield>
        </datafield>
        <datafield tag="500" ind1=" " ind2=" ">
            <subfield code="a">This title on fol. 1a; the ms. contains two chapters from a
                paraenetic work entitled either Rayḥān al-arwāḥ or Rayāḥīn al-murtāḥīn
                (the latter title on fol. 36b) by Ibrāhīm ibn Aḥmad ibn Muḥammad al-Raqqī, d.
                703/1313.</subfield>
        </datafield>
        <datafield tag="500" ind1=" " ind2=" ">
            <subfield code="a">Incip.: ... بمعرفة جلال الله وعظمته ترکب فى طاعته الاهوال</subfield>
        </datafield>
        <datafield tag="500" ind1=" " ind2=" ">
            <subfield code="a">On fol. 17b begins the second chapter: ... رىحانة المتهجدىن. ىا حى ىا
                قىوم احى قلوبنا بروح الاىمان</subfield>
        </datafield>
        <datafield tag="650" ind1=" " ind2="0">
            <subfield code="a">Religious life</subfield>
            <subfield code="x">Islam</subfield>
            <subfield code="v">Early works to 1800.</subfield>
            <subfield code="0">http://id.loc.gov/authorities/subjects/sh86008165</subfield>
        </datafield>
        <datafield tag="655" ind1=" " ind2="7">
            <subfield code="a">Manuscripts, Arabic</subfield>
            <subfield code="y">14th century.</subfield>
            <subfield code="2">lcsh</subfield>
        </datafield>
    </record>