
    <record>
        <leader>00918ctmaa22002052a 4500</leader>
        <controlfield tag="001">9962669203506421</controlfield>
        <controlfield tag="005">20200927195345.0</controlfield>
        <controlfield tag="008">851121q15001599xx 000 0 ara d</controlfield>
        <datafield tag="035" ind1=" " ind2=" ">
            <subfield code="a">6266920</subfield>
        </datafield>
        <datafield tag="035" ind1=" " ind2=" ">
            <subfield code="a">(NjP)6266920-princetondb</subfield>
        </datafield>
        <datafield tag="040" ind1=" " ind2=" ">
            <subfield code="a">PUL</subfield>
            <subfield code="c">PUL</subfield>
        </datafield>
        <datafield tag="066" ind1=" " ind2=" ">
            <subfield code="c">(3</subfield>
        </datafield>
        <datafield tag="100" ind1="1" ind2=" ">
            <subfield code="a">Ibn al-Sarrāj al-Qurashī, Muḥammad ibn ʻAlī,</subfield>
            <subfield code="d">d. 1346 or 7.</subfield>
        </datafield>
        <datafield tag="245" ind1="1" ind2="0">
            <subfield code="a">Tuffāḥ al-arwāḥ wa-miftāḥ al-arbāḥ.</subfield>
        </datafield>
        <datafield tag="500" ind1=" " ind2=" ">
            <subfield code="a">ff: 225. 201 x 150; 145 x 92 mm. 15 lin. Shaʻbān 997.</subfield>
        </datafield>
        <datafield tag="500" ind1=" " ind2=" ">
            <subfield code="a">Brockelmann, GAL, II, 145 (4).</subfield>
        </datafield>
        <datafield tag="500" ind1=" " ind2=" ">
            <subfield code="a">Incip.: ... الحمد لله وسلام ... أما بعد فىقول ... هذا کتاب مختصر
                ذکرنا فىه منقولات شرىفة</subfield>
        </datafield>
        <datafield tag="530" ind1=" " ind2=" ">
            <subfield code="a">Also available in an electronic version.</subfield>
        </datafield>
        <datafield tag="650" ind1=" " ind2="0">
            <subfield code="a">Religious life</subfield>
            <subfield code="x">Islam</subfield>
            <subfield code="v">Early works to 1800.</subfield>
            <subfield code="0">http://id.loc.gov/authorities/subjects/sh86008165</subfield>
        </datafield>
        <datafield tag="655" ind1=" " ind2="7">
            <subfield code="a">Manuscripts, Arabic</subfield>
            <subfield code="y">16th century.</subfield>
            <subfield code="2">lcsh</subfield>
        </datafield>
        <datafield tag="856" ind1="4" ind2="1">
            <subfield code="u">http://arks.princeton.edu/ark:/88435/6d570021m</subfield>
        </datafield>
    </record>